<?xml version="1.0" encoding="UTF-8"?><collection xmlns="http://www.loc.gov/MARC21/slim"><record><leader>00355nam--2200133-i-4500</leader><controlfield tag="001">000014739</controlfield><controlfield tag="002">20161230</controlfield><controlfield tag="005">20161230201031</controlfield><controlfield tag="008">060222s1000------------r-----000-0-eng-d</controlfield><datafield ind1=" " ind2=" " tag="080"><subfield code="a">537.533.2</subfield></datafield><datafield ind1=" " ind2=" " tag="100"><subfield code="a">Bruining, H</subfield></datafield><datafield ind1=" " ind2=" " tag="245"><subfield code="a">Physics and applications to secondary electron emission</subfield></datafield><datafield ind1=" " ind2=" " tag="260"><subfield code="a">London, Pergamon Press, 1954. Xii + 178 P</subfield></datafield><datafield ind1=" " ind2=" " tag="852"><subfield code="a">10015</subfield></datafield></record></collection>